@InProceedings{kobaasset,
author = {Kobayashi, K.},
title = {Sustainable Infrastructure and Asset Management},
booktitle = {Proceeding of 3rd The Network of Asian River Basin Organizations (NARBO) Meeting},
OPTkey = {},
year = {2008},
address = {Indonesia},
month = {Febuary},
organization = {ADB},
}

@InProceedings{kobahidden,
author = {Kobayashi, K. and Kaito, K. and Nam, L.T.},
title = {A Hidden Markov Deterioration Model with Measurement Errors},
booktitle = {Proceeding of The International Seminar on Urban Infrastructure Management},
OPTkey = {},
year = {2009},
address = {The University of Tokyo, Japan},
month = {March},
organization = {The University of Tokyo-GCOE Program (cSUR)},
}

@InProceedings{aokia,
author = {Aoki, K. and Yamamoto, K. and Kobayashi, K.},
title = {Optimal Inspection and Replacement Policy using Stochastic Method for Deterioration Prediction},
booktitle = {Proceeding of The 11th World Conference on Transportation Research},
OPTkey = {659},
year = {2007},
address = {Berkeley, USA},
month = {June},
organization = {The World Conference on Transport Research Society (WCTRS)},
}

@Article{Durango02,
author = {Durango, P. L. and S. Madanat},
title = {"Optimal Maintenance and Repair Policies in Infrastructure Management under Uncertain Facility Deterioration Rates: An Adaptive Control Approach" in Transportation Research, Part A},
journal = {Elsevier Science},
year = {2002},
OPTvolume = {36},
OPTnumber = {9},
OPTpages = {763-778},
}


@Article{namieee,
author = {Nam, L.T. and Obama, K. and Kobayashi, K.},
title = {Local mixtures hazard model: A semi-parametric approach to risk management in pavement system},
journal = {IEEE International conference on Systems, Man and Cybermetics, ,SMC 2008},
year = {2008},
OPTvolume = {},
OPTnumber = {},
OPTpages = {2291-2296},
}

@Article{ziad,
author = {Nakat, Z.S. and Madanat, S.M.},
title = {Stochastic Duration Modeling of Pavement Overlay Crack Initiation},
journal = {Journal of Infrastructure Systems (ASCE)},
year = {2008},
OPTvolume = {14},
OPTnumber = {3},
OPTpages = {185-192},
}
@Article{ejiri,
author = {Kobayashi, K. and Ejiri, R. and Do, M.},
title = {Pavement Management Accounting System},
journal = {Journal of Infrastructure Systems},
year = {2008},
OPTvolume = {14},
OPTnumber = {2},
OPTpages = {159-168},
}

@Article{Marriott06,
author = {Karim Anaya-Izquierdo and Paul Marriott},
title = {Local mixtures of the exponential families},
journal = {Technical Report at http://statistics.open.ac.uk/TechnicalReports/expo.pdf, Open University },
year = {2006},
}

@Article{Marriott07,
author = {Karim Anaya-Izquierdo and Paul Marriott},
title = {Local mixtures of the exponential distribution},
journal = {Annals of the Institute of Statistical Mathematics},
year = {2007},
OPTvolume = {59},
OPTnumber = {1},
OPTpages = {111-134},
}

@ARTICLE{Noriyuki,
	author = {Noriyuki, U. and Hirano, K. and Sato, T.},
	title = {Construction of bridge maintenance and management system considering the predicted deterioration of floor slab},
	year = {2004},
	pages = {},
	journal = {59th Civil Society Annual Scientific Conference (in Japanese)},
	volume = {I-137},
	number = {},
	organization = {}
}

@ARTICLE{kenichi,
	author = {Kenichi, S. and Hidenori, H. and Yokota, H. and Yamaji, T.},
	title = {RC model developed by a progressive deterioration caused by salt above the pier},
	year = {2002},
	pages = {3-37},
	journal = {Port and Airport Research Institute Report (in Japanese)},
	volume = {41},
	number = {4},
	organization = {JSCE}
}

@ARTICLE{Takeyama,
	author = {Hiroshi, T. and Shimada, Y. and Akira, H.},
	title = {Average damage of asphalt pavement systems by Markov chain},
	year = {1990},
	pages = {135-141},
	journal = {Journal of Civil Engineering, JSCE (in Japanese)},
	volume = {13},
	number = {420},
	organization = {JSCE}
}

@ARTICLE{18,
	author = {Kobayashi, K. and Kumada, K. and Sato, M. and Iwazaki, Y. and Aoki, K.},
	title = {Pavement Deterioration Prediction Models take into Account the Loss of the Sample},
	year = {2007},
	pages = {1-15},
	journal = {Journal of Civil Engineering, JSCE (in Japanese)},
	volume = {63},
	number = {1},
	organization = {JSCE}
}
@ARTICLE{19,
	author = {Kaito, K. and Kobayashi, K.},
	title = {Hazard models for Bayesian Markov Degradation},
	year = {2007},
	pages = {336-355},
	journal = {Journal of Civil Engineering, JSCE (in Japanese)},
	volume = {63},
	number = {2},
	organization = {JSCE}
}
@INPROCEEDINGS{2,
	author = {Mizutani, M. and Adachi, Y. and Koduka, M.},
	title = {Research on maintenance and repair plan optimization for deteriorate structure},
	booktitle = {International Conference on Structural Safety and Reliability ICOSSAR'95},
	year = {1995},
	pages = {341-348}
}
@ARTICLE{20,
	author = {Kaito, K. and Yamamoto, H. and Obama, K. and Okada, M. and Kobyashi, K.},
	title = {Random Proportional Weibull Hazard Model: Application to Large-scale Information Systems},
	year = {2008},
	pages = {115-129},
	journal = {Journal of Civil Engineering, JSCE (in Japanese)},
	volume = {64},
	number = {2},
	organization = {JSCE}
}
@ARTICLE{3,
	author = {Akaishizawa, N. and Yoshida, I. and Yasuda, N. and Miyamoto, K.},
	title = {Maintenance of RC structure that integrate performance-design approach for minimizing accident rate},
	year = {2001},
	pages = {277--284},
	journal = {Journal of Structural Engineering (in Japanese)},
	volume = {47A},
	organization = {JSCE}
}
@TECHREPORT{5,
	author = {Kenichi, K. and Hamada, H. and Yokota, H. and Yamaji, T.},
	title = {Deterioration modelling for RC pier due to salt damage},
	year = {2002},
	institution = {Harbors Airport Technological Laboratory Report (in Japanese)},
	number = {4}
}
@ARTICLE{Deb03,
	author = {Deb, A.K. and Snyder, J.K. and Logananthan, G.V. and Agbenowski, N. and Grablutz, F},
	title = {Prioritizing water main renewal program},
	year = {2003},
	pages = {1002-1011},
	journal = {Pro., New Pipeline Technologies, Security and Safety, ASCE},
	organization = {American Society of Civil Engineering, ASCE}
}
@ARTICLE{Die-Ino,
	author = {Diebold, F.X. and Inoue, A.},
	title = {Long memory and regime switching},
	year = {2001},
	pages = {131-159},
	journal = {Journal of Econometrics},
	volume = {105}
}
@BOOK{Greene,
	author = {Greene, W.H.},
	title = {Econometric Analysis},
	year = {2000},
	publisher = {Prentice Hall}
}
@ARTICLE{Grigg06,
	author = {Grigg, Neil S},
	title = {Condition Assessment of Water Distribution Pipes},
	year = {2006},
	month = {September},
	pages = {147-153},
	journal = {Journal of Infrastructure Systems},
	volume = {12},
	number = {3},
	organization = {American Society of Civil Engineering, ASCE}
}
@ARTICLE{Kleiner01,
	author = {Kleiner, Y. and Adams, B.J},
	title = {Water Distribution Network Renewal Planning},
	year = {2001},
	month = {January},
	pages = {15-26},
	journal = {Journal of Computing in Civil Engineering},
	volume = {15},
	number = {1},
	organization = {American Society of Civil Engineering, ASCE}
}
@ARTICLE{madanat95,
	author = {Madanat, S.M. and Mishalani, R. and Ibrahim, W.H.W.},
	title = {Estimation of Infrastructure Transition Probabilities from Condition Rating Data},
	year = {1995},
	pages = {120-125},
	journal = {Journal of Infrastructure Systems},
	volume = {1},
	number = {2},
	organization = {ASCE}
}
@ARTICLE{Mishalani02,
	author = {Mishalani, R. and Madanat, S.M.},
	title = {Computation of Infrastructure Transition Probabilities using Stochastic Duration Models},
	year = {2002},
	pages = {139-148},
	journal = {Journal of Infrastructure Systems},
	volume = {8},
	number = {4},
	organization = {ASCE}
}
@ARTICLE{Mishalani95,
	author = {Mishalani, R. and Koutsopoulos, H.N.},
	title = {Uniform Infrastructure Fields: Definition and Identification},
	year = {1995},
	pages = {44-55},
	journal = {Journal of Infrastructure Systems},
	volume = {1},
	number = {1},
	organization = {ASCE}
}

@ARTICLE{Morcous05,
	author = {Morcous, G.},
	title = {Performance Prediction of Bridge Deck Systems Using Markov Chains},
	year = {2005},
	pages = {146-155},
	journal = {Journal of Performance of Constructed Facilities},
	volume = {20},
	number = {2},
	organization = {ASCE}
}

@ARTICLE{Robelin07,
	author = {Robelin, C.A. and Madanat, S.M.},
	title = {History-dependent bridge deck maintenance and replacement optimization with markov decision process},
	year = {2007},
	pages = {195-201},
	journal = {Journal of Infrastructure System, ASCE},
	volume = {13},
	number = {3},
	organization = {ASCE}
}
@BOOK{Steven98,
	author = {Steven, C.C. and Raymond, C.},
	title = {Numerical Methods for Engineers: with Programming and Software Applications},
	year = {1998},
	publisher = {Prentice Hall}
}
@ARTICLE{ahammed95,
	author = {Ahammed, M. and Melchers, R.E},
	title = {Probabilistic Analysis of Pipelines Subjected to Pitting Corrosion Leaks},
	year = {1995},
	month = {December},
	pages = {74-80},
	journal = {Journal of Engineering Structures},
	volume = {17},
	number = {2},
	organization = {Elsevier}
}
@ARTICLE{ahammed97,
	author = {Ahammed, M. and Melchers, R.E},
	title = {Probabilistic Analysis of Underground Pipelines Subject to Combined Stresses and Corrosion},
	year = {1997},
	month = {December},
	pages = {988-994},
	journal = {Journal of Engineering Structures},
	volume = {19},
	number = {12},
	organization = {Elsevier}
}
@BOOK{akaike,
	author = {Sakamoto, Y. and Ishiguro, M. and Ishiguro, M. and Kitagawa, G.},
	title = {Akaike Information Criterion Statistics-Mathematics and its Applications},
	year = {1986},
	publisher = {KTK Scientific Publishers}
}
@ARTICLE{amemi,
	author = {Amemiya, T. and Boskin, M.},
	title = {Regression analysis when the dependent variables is truncated lognormal, with an application to the determination of the duration of welfare dependency},
	year = {1974},
	pages = {485},
	journal = {International Economic Review},
	volume = {15}
}
@ARTICLE{aoki2,
	author = {Aoki, K. and Yamamoto, H. and Kobayashi, K.},
	title = {Estimates of the hazard model for predicting degradation},
	year = {2005},
	pages = {111-124},
	journal = {Journal of Civil Engineering, JSCE (in Japanese)},
	number = {791/VI-67}
}
@ARTICLE{aokib,
	author = {Aoki, K.},
	title = {Measuring Deterioration Risk of Infrastructure},
	year = {2007},
	journal = {JSCE Journal of Infrastructure Planning and Management},
	organization = {JSCE}
}
@BOOK{asko06,
	author = {Sarja, A.},
	editor = {Sarja, Asko},
	title = {Predictive and Optimised Life Cycle Management},
	year = {2006},
	publisher = {Taylor and Francis},
	address = {London and New York}
}
@ARTICLE{bauer,
	author = {Bauer, W.},
	title = {Recent developments in econometric estimation of frontiers},
	year = {1990},
	pages = {39-56},
	journal = {Journal of Econometrics},
	volume = {46}
}
@ARTICLE{bayse,
	author = {Tsuda, T. and Kaito, K. and Yamamoto, H. and Kobayashi, K.},
	title = {Bayesian estimation for Weibull deterioration hazard model},
	year = {2006},
	pages = {125-136},
	journal = {Journal of Civil Engineering, JSCE (in Japanese)},
	number = {No.798/VI-68}
}
@ARTICLE{ben-akiva93,
	author = {Ben-Akiva, M. and Ramaswamy, R.},
	title = {An Approach for Predicting Latent Infrastructure Facility Deterioration},
	year = {1993},
	month = May,
	pages = {174-193},
	journal = {Transportation Science},
	volume = {27},
	number = {2}
}
@ARTICLE{ben-akiva95,
	author = {Ben-Akiva, M. and Ramaswamy, R.},
	title = {An Approach for Predicting Latent Infrastructure Facility Deterioration},
	year = {1995},
	month = {March},
	pages = {33-43},
	journal = {Journal of Infrastructure System},
	volume = {1},
	number = {1},
	organization = {American Society of Civil Engineers}
}
@ARTICLE{ce,
	author = {Celeux, G.M. and Robert, C.P.},
	title = {Computational and inferential difficulties with mixture posterior distributions},
	year = {2000},
	pages = {957-970},
	journal = {Journal of the American Statistical Association},
	volume = {95}
}
@ARTICLE{chen,
	author = {Chen, Dongyan. and Trivedi, Kishor},
	title = {Optimization for condition-based maintenance with semi-markov decision process},
	year = {2004},
	month = {December},
	pages = {25-29},
	journal = {Journal of Reliability Engineering and System Safety},
	volume = {90}
}
@ARTICLE{chib1,
	author = {Chib, S.},
	title = {Marginal likelihood from Gibbs output},
	year = {1995},
	pages = {1313-1321},
	journal = {Journal of the American Statistical Association},
	volume = {90}
}
@BOOK{chow,
	author = {Morimune, K.},
	title = {Econometrics},
	year = {1990},
	publisher = {Toyo Economic Publisher}
}
@ARTICLE{chupablo,
	author = {Chu, C.Y. and Durango-Cohen, P.L.},
	title = {Estimation of infrastructure performance models using state-space specifications of time series models},
	year = {2007},
	month = {February},
	pages = {17-32},
	journal = {Transportation Research Part C},
	volume = {15},
	number = {1},
	organization = {Elsevier}
}
@ARTICLE{cochran,
	author = {Cochoran, W.G. and Cox, G.M.},
	title = {Errors of measurement in statistics},
	year = {1968},
	pages = {637-666},
	journal = {Technometrics},
	volume = {10},
	number = {4}
}
@ARTICLE{cosslett81,
	author = {Cosslet, S.},
	title = {Maximum likelihood estimator for choice-based samples},
	year = {1981},
	pages = {1298-1316},
	journal = {Econometrica},
	volume = {9}
}
@BOOK{cosslett81b,
	author = {Cosslett, S.},
	editor = {Manski, C.F. and McFadden, D.},
	title = {Efficient Estimation of Discrete Choice Models},
	year = {1981},
	publisher = {The MIT Press},
	address = {Cambridge, Massachusetts}
}
@ARTICLE{demp,
	author = {Dempster, A.P. and and Rubin, D. B.},
	title = {Maximum likelihood from incomplete data via the EM Algorithm},
	year = {1977},
	pages = {1-38},
	journal = {Journal of the Royal Statistical Society},
	volume = {Series B-Vol.39}
}
@ARTICLE{die,
	author = {Diebolt, J. and Robert, C.P.},
	title = {Estimation of finite mixture distributions through Bayesian sampling},
	year = {1994},
	pages = {363-375},
	journal = {Journal of the Royal Statistical Society},
	volume = {Series B-Vol.56}
}
@ARTICLE{fenghong,
	author = {Hong, F. and Prozzi, J.A.},
	title = {Estimation of Pavement Performance Deterioration Using Bayesian Approach},
	year = {2006},
	month = {June},
	pages = {77-86},
	journal = {Journal of Infrastructure System},
	volume = {12},
	number = {2},
	organization = {ASCE}
}
@ARTICLE{gelfand90,
	author = {Gelfand, A.E. and Smith, A.F.M.},
	title = {Sampling-based approaches to calculating marginal densities},
	year = {1990},
	pages = {398-409},
	journal = {Journal of the American Statistical Association},
	volume = {85}
}
@ARTICLE{geman84,
	author = {Geman, S. and Geman, D.},
	title = {Stochastic relaxation, Gibbs distributions and the Bayesian restoration of images},
	year = {1984},
	pages = {721-741},
	journal = {Transactions on Pattern Analysis and Machine Intelligence},
	volume = {6}
}
@BOOK{gertsbakh97,
	author = {Gertsbakh, I. B.},
	title = {Models of Preventive Maintenance},
	year = {1997},
	publisher = {North-Holland Publishing Company}
}
@ARTICLE{geweke,
	author = {Geweke, J.},
	title = {Evaluating the Accuracy of Sampling-based Approaches to the Calculation of Posterior Moments {\it Bayesian Statistics 4}},
	year = {1996},
	pages = {169-193},
	journal = {Oxford University Press},
	organization = {Oxford University Press}
}
@ARTICLE{gibbs1,
	author = {Geman, S. and Geman, D.},
	title = {Stochastic relaxation, Gibbs distributions and the Bayesian restoration of images},
	year = {1984},
	pages = {721-741},
	journal = {Transactions on Pattern Analysis and Machine Intelligence},
	volume = {6}
}
@ARTICLE{gibbs2,
	author = {Gelfand, A.E. and Smith, A.F.M.},
	title = {Sampling-based approaches to calculating marginal densities},
	year = {1990},
	pages = {398-409},
	journal = {Journal of the American Statistical Association},
	volume = {85}
}
@ARTICLE{gilks,
	author = {Gilks, W.R. and Wild, P.},
	title = {Adaptive rejection sampling for Gibbs sampling},
	year = {1992},
	pages = {337-348},
	journal = {Applied Statistics},
	volume = {41}
}
@ARTICLE{gilks92,
	author = {Gilks, W.R. and Wild, P.},
	title = {Adaptive Rejection Sampling for Gibbs Sampling},
	year = {1992},
	pages = {337-348},
	journal = {Applied Statistics},
	volume = {41}
}
@BOOK{gouri,
	author = {Gourieroux, C.},
	title = {Econometrics of qualitative dependent variables},
	year = {2000},
	publisher = {Cambridge University Press}
}
@ARTICLE{grubbs,
	author = {Grubbs, F.E.},
	title = {Errors of measurement; Precision, accuracy, and the statistical comparison of measuring instruments},
	year = {1973},
	pages = {53-66},
	journal = {Technometrics},
	volume = {15},
	number = {1}
}
@ARTICLE{guido04,
	author = {Guido, R. and Rade, H. and Bryan, A. and Eugen, B.},
	title = {Condition evolution in bridge management systems and corrosion-included deterioration},
	year = {2004},
	pages = {268-277},
	journal = {Journal of Bridge Engineering},
	volume = {9},
	number = {3},
	organization = {ASCE}
}
@ARTICLE{hami89,
	author = {Hamilton, J.},
	title = {A new approach to the economic analysis of nonstationary series and the business cycle},
	year = {1989},
	pages = {357-384},
	journal = {Econometrica},
	volume = {57},
	number = {2}
}
@ARTICLE{hanh,
	author = {Han, C. and Carlin, B.P.},
	title = {MCMC methods for computing Bayes factors, A comparative review},
	year = {2000},
	pages = {711-732},
	journal = {Biometrika},
	volume = {84}
}
@ARTICLE{hong06,
	author = {Hong, H.P. and Allouche, E.N. and Trivedi, M},
	title = {Optimal Scheduling of Replacement and Rehabilitation of Water Distribution System},
	year = {2006},
	month = {September},
	pages = {184-191},
	journal = {Journal of Infrastructure Systems},
	volume = {12},
	number = {3},
	organization = {American Society of Civil Engineering, ASCE}
}
@ARTICLE{hu,
	author = {Aoki, K. and Yamamoto, H. and Tsuda, T. and Kobayashi, K.},
	title = {A Deterioration Forecasting Model with Multi-stage Weibull Hazard Functions},
	year = {2005},
	pages = {125-136},
	journal = {Journal of Civil Engineering, JSCE (in Japanese)},
	number = {No.798/VI-68}
}
@ARTICLE{humplick,
	author = {Humplick, F.},
	title = {Highway pavement distress evaluation modeling measurement error},
	year = {1992},
	month = {April},
	pages = {135-154},
	journal = {Transportation Research Part B},
	volume = {26},
	number = {2},
	organization = {Elsevier}
}
@BOOK{ibra1,
	author = {Ibrahim, J.G.C. and Sinha, D.},
	title = {Bayesian Survival Analysis},
	year = {2001},
	publisher = {Springer Series in Statics}
}
@BOOK{isoda,
	author = {Isoda, K. and Ohno, Y.},
	title = {Numerical calculation handbook},
	year = {1990},
	publisher = {Ohm company}
}
@ARTICLE{jido,
	author = {Jido, M. and Otazawa, T. and Kobayashi, K.},
	title = {Optimal Repair/Inspection Model with Continuous-state},
	year = {2007},
	journal = {JSCE Journal}
}
@BOOK{jj,
	author = {Kumbhakar, S. C. and Lovell, C.A.K.},
	title = {Stochastic Frontier Analysis},
	year = {2000},
	publisher = {Cambridge University Press}
}
@ARTICLE{kagi,
	author = {Kagimoto, H. and Sato, M and Kawamura, M.},
	title = {Deterioration level evaluation of facilities deteriorated by alkali silica reaction and forecast of deterioration progress by minute hole solution analysis},
	year = {2002},
	pages = {241-251},
	journal = {Journal of Structural Engineering (in Japanese)},
	number = {641/V-46},
	organization = {JSCE}
}
@ARTICLE{kaito2,
	author = {Kaito, K. and Abe, M. and Fujino, K.},
	title = {Deterioration of the structure prediction based on observational data},
	year = {2003},
	pages = {29-38},
	journal = {Journal of Civil Engineering, JSCE (in Japanese)},
	number = {744/IV-61}
}

@ARTICLE{kaito2004,
	author = {Otazawa, T. and Ishihara, K. and Kobayashi, K and Kondo, Y.},
	title = {The best repair policy in consideration of economical life},
	year = {2004},
	pages = {169-184},
	journal = {JSCE Journal (in Japanese)},
	number = {772/IV-65},
	organization = {JSCE}
}
@ARTICLE{kim-nel,
	author = {Kim, C.J. and Nelson, C.R.},
	title = {State-Space Models with Regime Switching : Classical and Gibbs-Sampling Approaches with Applications},
	year = {1999},
	journal = {MIT Press}
}
@ARTICLE{koba,
	author = {Kobayashi, K. and Ueda, T.},
	title = {Infrastructure Managemenent},
	year = {2003},
	pages = {15-27},
	journal = {Journal of Civil Engineering},
	number = {744/IV-61},
	organization = {JSCE}
}
@ARTICLE{kobami,
	author = {Kobayashi, K. and Miyagawa, T.},
	title = {Research on corrosion speed evaluation of reinforced concrete that uses polarization resistance method},
	year = {2001},
	pages = {173--186},
	journal = {Journal of Structural Engineering (in Japanese)},
	number = {669/V-50},
	organization = {JSCE}
}
@ARTICLE{kobayashitsuda,
	author = {Tsuda, Y. and Kaito, K. and Aoki, K. and Kobayashi, K.},
	title = {Estimating markovian transition probabilities for bridge deterioration forecasting},
	year = {2006},
	pages = {241-256},
	journal = {Journal of Structural Engineering and Earthquake Engineering},
	volume = {23},
	number = {2},
	organization = {JSCE}
}
@ARTICLE{kumada,
	author = {Kaito, K. and Kumada, K. and Hayashi, H. and Kobayashi, K.},
	title = {Modeling process by cracking pavement deterioration hazard index hierarchical model},
	year = {2007},
	pages = {386-402},
	journal = {Journal of Civil Engineering, JSCE (in Japanese)},
	volume = {63},
	number = {3}
}
@BOOK{lancaster90,
	author = {Lancaster, T.},
	title = {The econometric analysis of transition data},
	year = {1990},
	publisher = {Cambridge University Press}
}
@ARTICLE{luong02jo,
	author = {Luong, H.T. and Okitsugu, F.},
	title = {Fund allocation model for pipe repair maintenance in water distribution networks},
	year = {2002},
	month = {December},
	pages = {403-421},
	journal = {European Journal of Operational Research},
	volume = {136},
	organization = {ELSEVIER}
}
@ARTICLE{luong05jo,
	author = {Luong, H.T. and Nagen, N.N.},
	title = {Optimal maintenance policy and fund allocation in water distribution networks},
	year = {2005},
	month = {August},
	pages = {299-306},
	journal = {Journal of Water Resources Planning and Management},
	volume = {4},
	organization = {ASCE}
}
@BOOK{mac,
	author = {MacDonald, I.L. and Zucchini, W.},
	title = {Hidden Markov and Other Models for Discrete-valued Time Series},
	year = {1997},
	publisher = {Chapman and Hall}
}
@ARTICLE{manski77,
	author = {Manski, C. and Lerman, S.},
	title = {The estimation of choice probabilities from choice-based samples},
	year = {1977},
	pages = {1977-1988},
	journal = {Econometrica},
	volume = {45}
}
@ARTICLE{markovbms,
	author = {Yasuda, K. and Kobayashi, K.},
	title = {Influence of inspection result and state transition probability in BMS on LCC},
	year = {2004},
	pages = {111--122},
	journal = {Journal of Construction Management (in Japanese)},
	volume = {11},
	organization = {JSCE}
}
@ARTICLE{mishalanigong,
	author = {Mishalani, R.G. and Gong, L.},
	title = {Optimal infrastructure condition sampling over space and time for maintenance decision-making under uncertainty},
	year = {2009},
	month = {March},
	pages = {311-324},
	journal = {Transportation Research Part B},
	volume = {43},
	number = {3},
	organization = {Elsevier}
}
@BOOK{mori,
	author = {Masatake, M.},
	title = {Numerical calculation programming},
	year = {2000},
	publisher = {Iwanami Shoten}
}
@ARTICLE{newe1,
	author = {Newey, W. K. and West, K. D.},
	title = {A simple, positive semi-definite, heteroskedasticity and autocorrelation coisistent covariance matrix},
	year = {1987},
	pages = {703-708},
	journal = {Econometrica},
	volume = {55}
}
@ARTICLE{ono,
	author = {Toshio, O. and Uomot, K.},
	title = {Basic research on shrinkage crack generation forecast of concrete},
	year = {2000},
	pages = {29-44},
	journal = {Journal of Structural Engineering (in Japanese)},
	number = {662/V-49},
	organization = {JSCE}
}
@ARTICLE{osaka,
	author = {OMWB.},
	title = {Water Supply System in Osaka},
	year = {2006},
	month = {January},
	journal = {Osaka Municipal Waterworks Bureau},
	organization = {Osaka Municipal Goverment}
}
@ARTICLE{pablo07,
	author = {Durango-Cohen, P.L.},
	title = {A time series analysis framework for transportation infrastructure management},
	year = {2007},
	month = {February},
	pages = {493-505},
	journal = {Transportation Research Part B},
	volume = {41},
	number = {1},
	organization = {Elsevier}
}
@ARTICLE{park00,
	author = {Park, S. and Loganathan, G.V.},
	title = {An Optimal Replacement Scheduling Model for Water Distribution System},
	year = {2000},
	month = May,
	journal = {Proceeding of the 4th International Conference on Hydro-Science and Engineering},
	organization = {Korean Water Resources Association}
}

@ARTICLE{pontis,
	author = {Golabi, K. and Shepard, R.},
	title = {Pontis: A System for Maintenance Optimization and Improvement of US Bridge Networks},
	year = {1997},
	month = {Febuary},
	pages = {71-88},
	journal = {Interfaces},
	volume = {27},
	number = {1}
}

@ARTICLE{qi,
	author = {Qi, L. and Seki, H. and Takagi, K.},
	title = {Research on neutralizing the concrete according to corrosion due to dry and wet repeated condition},
	year = {2002},
	pages = {1-11},
	journal = {Journal of Structural Engineering (in Japanese)},
	number = {697/V-540},
	organization = {JSCE}
}
@ARTICLE{robe,
	author = {Robert, C.P.T. and Titterington, D.M.},
	title = {Bayesian inference in hidden Markov models through the reversible jump Markov chain Monte Carlo method},
	year = {2000},
	pages = {57-75},
	journal = {Journal of the Royal Statistical Society},
	volume = {Series B-Vol.62}
}
@BOOK{robert,
	author = {Robert, C.P.},
	title = {Mixtures of Distributions: Inference and Estimation, in: Gillks, W.R., Richardson, S. and Spiegelhalter, D.J. (eds.) Markov Chain Monte Carlo in Practice},
	year = {1996},
	publisher = {Chapman and Hall}
}
@ARTICLE{saeki,
	author = {Saeki, R. and Ohtsuki, N. and Nagataki, S.},
	title = {Quantitative evaluation of reinforced concrete corrosion in mortar due to neutralization process},
	year = {1996},
	pages = {55-66},
	journal = {Journal of Structural Engineering (in Japanese)},
	number = {532/V-30},
	organization = {JSCE}
}
@BOOK{senanalysis,
	author = {Andrea, S. and Karen, C. and Marian, S.},
	title = {Sensitivity Analysis},
	year = {2000},
	publisher = {John Wiley and Sons}
}
@ARTICLE{shamir79,
	author = {Shamir, U. and Howard, C.D.D.},
	title = {An Analytical Approach to Scheduling Pipe Replacement},
	year = {1979},
	pages = {248-258},
	journal = {Journal of American Water Works Association},
	volume = {71},
	number = {5},
	organization = {American Water Works Association}
}
@ARTICLE{shin,
	author = {Shin, H. C. and Madanat, S. M.},
	title = {Development of stochastic model of pavement distress initation},
	year = {2003},
	pages = {61-67},
	journal = {Journal of Infrastructure Planning and Management},
	volume = {IV-61},
	number = {744},
	organization = {ASCE}
}
@ARTICLE{steven,
	author = {Steven, B. C. and Laszlo, G.},
	title = {Modeling the reduction in load capacity of highway bridges with age},
	year = {2000},
	pages = {331-336},
	journal = {Journal of Bridge Engineering},
	volume = {5},
	number = {4},
	organization = {ASCE}
}
@ARTICLE{sugisakia,
	author = {Sugisaki, T. and Kaito, K. and Kobayashi, K.},
	title = {Building deterioration statistical prediction methods considering nonuniformity visual inspection cycle},
	year = {2006},
	pages = {781-790},
	journal = {Journal of Structural Engineering, JSCE (in Japanese)},
	volume = {52A}
}
@BOOK{titter,
	author = {Titterington, D.M. Smith, A.F. and Makov, U.E.},
	title = {Statistical Analysis of Finite Mixture Distributions},
	year = {1985},
	publisher = {John Wiley and Sons}
}
@ARTICLE{tobin,
	author = {Tobin, J.},
	title = {Estimation of relationships for limited dependent variables},
	year = {1958},
	pages = {24--36},
	journal = {Econometrica},
	volume = {26}
}
@BOOK{toukei,
	author = {Lee, T. C. and Judge, G. G. and Zellner, A.},
	title = {Estimating the parameters of the markov probability model from aggregate time series data},
	year = {1970},
	publisher = {Amsterdam, North-Holland}
}
@BOOK{tuma,
	author = {Tuma, J.J.},
	title = {Handbook of numerical calculations in engineering},
	year = {1989},
	publisher = {McGraw Hill}
}
@ARTICLE{tutu2,
	author = {Tsutsumi, T. and Shirai, S. and Yasuda, N. and Matsushima, M.},
	title = {Fixed quantity evaluation based on real data of factor affecting from the salt damage deterioration},
	year = {1996},
	pages = {33--41},
	journal = {Journal of Structural Engineering (in Japanese)},
	number = {544/V-32},
	organization = {JSCE}
}
@BOOK{wago,
	author = {Wago, H.},
	title = {Bayesian Econometric Analysis, Markov Chain Monte Carlo Method and its Applications},
	year = {2005},
	publisher = {Toyo Keizai Inc}
}
@BOOK{white,
	author = {White, D. J.},
	title = {Markov decision process},
	year = {1992},
	publisher = {Springer}
}
@ARTICLE{yasuda,
	author = {Yasuda, T. and Kobayashi, K.},
	title = {BMS and the state transition probability of LCC impact on the inspection results},
	year = {2004},
	pages = {111-122},
	journal = {Journal of Construction Management, JSCE (in Japanese)},
	volume = {11}
}
@BOOK{deming,
	author = {Howard S. G.},
	title = {Tools and Methods for the Improvement of Quality},
	year = {1989},
	publisher = {Irwin}
}
@BOOK{bevpeter,
	author = {Bev, N. and Peter, M.},
	title = {Facility Management},
	year = {2000},
	publisher = {Blackwell}
}

@BOOK{andrwewgel,
	author = {Andrew, G. and John, B.C. and Hal, S.S. and Donald, B.R.},
	title = {Bayesian Data Analysis},
	year = {2004},
	publisher = {Chapman and Hall/CRC}
}

@BOOK{danihed,
	author = {Dani, G. and Hedibert, F.L.},
	title = {Markov Chain Monte Carlo},
	year = {2006},
	publisher = {Chapman and Hall/CRC}
}

@BOOK{kobaevarg,
	author = {Kobayashi, K. and Kuhn, K.D.},
	title = {Decentralized Life-cycle Cost Evaluation and Aggregated Efficiency, in the book 'The Management And Measurement Of Infrastructure: Performance, Efficiency and Innovation'.},
	year = {2007},
	publisher = {New Horizons in Regional Science}
}

@BOOK{howard,
	author = {Howard, R.A.},
	title = {Dynamic programing and Markove Processes.},
	year = {1960},
	publisher = {The Massachusetts Institute of Technology}
}

@BOOK{tcvn4054,
	author = {TCVN-4054.},
	title = {Highway specifications for design, Vietnamese standards handbook.},
	year = {2005},
	publisher = {Goverment of Vietnam}
}

@BOOK{tcnn22,
	author = {TCN-22.},
	title = {Vietnamese Sectoral Standard for Design and Construction of Highway-22TCN-277-01.},
	year = {2001},
	publisher = {Ministry of Transportation, Vietnam}
}

@BOOK{dghanoi08,
	author = {DG24.},
	title = {Guide book on unit cost for construction work: Civil part,p.108-123.},
	year = {2008},
	publisher = {Hanoi people committee}
}

@BOOK{dm1242,
	author = {DM1242.},
	title = {Guide book on norm for construction work: Civil part, Construction Economic Institute of Vietnam, p.185-200.},
	year = {1998},
	publisher = {Ministry of Construction}
}

@BOOK{kcleong,
	author = {Leong, K.C.},
	title = {The Essence of Asset Management - A Guide},
	year = {2004},
	publisher = {United Nations Development Programe (UNDP)}
}

@BOOK{karlof,
	author = {Karlof, B. and Ostblom, S.},
	title = {Benchmarking: A Signpost to Excellence in Quality and Productivity},
	year = {1993},
	publisher = {John Wiley-New York}
}

@BOOK{pu,
	author = {Puterman, M.L.},
	title = {Markov Decision Process},
	year = {1994},
	publisher = {Wiley}
}

@BOOK{mohammad,
	author = {Mohammad, N. and Sanjiv, B. G.},
	title = {Trenchless Technology: Pipeline and Utility Design, Construction, and Renewal},
	year = {2004},
	publisher = {McGraw-Hill}
}
@BOOK{shahin05,
	author = {Shahin, M.T.},
	title = {Pavement Management for Airports, Roads, and Parking Lots},
	year = {2005},
	publisher = {Springer}
}
@BOOK{dani-hed,
    AUTHOR       = "Dani, G. and Hedibert, F. L.",
    EDITOR       = "",
    TITLE        = "Markov Chain Monte Carlo-Stochastic Simulation for Bayesian Inference",
    PUBLISHER    = "Chapman and Hall/CRC-Taylor and Francis Group",
    ADDRESS      = "",
    MONTH        = "",
    YEAR         = 2006,
    EDITION      = "",
    NOTE         = "",
    }